<?xml version="1.0" encoding="UTF-8"?><collection xmlns="http://www.loc.gov/MARC21/slim"><record><leader>00534nam--2200205-i-4500</leader><controlfield tag="001">000016535</controlfield><controlfield tag="002">20161230</controlfield><controlfield tag="005">20161230201031</controlfield><controlfield tag="008">060222s1000------------r-----000-0-eng-d</controlfield><datafield ind1=" " ind2=" " tag="020"><subfield code="a">3540586229</subfield></datafield><datafield ind1=" " ind2=" " tag="040"><subfield code="a">IFIN-HH</subfield></datafield><datafield ind1=" " ind2=" " tag="080"><subfield code="a">538.971</subfield></datafield><datafield ind1="1" ind2=" " tag="100"><subfield code="a">Desjonqueres, M.-c</subfield></datafield><datafield ind1="1" ind2="0" tag="245"><subfield code="a">Concepts in surface physics</subfield><subfield code="c">M.c. desjonqueres, d. spanjaard</subfield></datafield><datafield ind1=" " ind2=" " tag="250"><subfield code="a">Second Edition</subfield></datafield><datafield ind1=" " ind2=" " tag="260"><subfield code="a">Berlin</subfield><subfield code="b">Springer-verlag</subfield><subfield code="c">1996</subfield></datafield><datafield ind1=" " ind2=" " tag="300"><subfield code="a">XV+605P</subfield></datafield><datafield ind1="1" ind2=" " tag="700"><subfield code="a">Spanjaard, D</subfield></datafield><datafield ind1=" " ind2=" " tag="852"><subfield code="a">80557</subfield><subfield code="c">539.23</subfield></datafield><datafield ind1=" " ind2=" " tag="CAT"><subfield code="a">Sys</subfield><subfield code="c">20121219</subfield><subfield code="h">165440</subfield></datafield></record></collection>